@misc{Sunface,
  title       = {Rust语言圣经(Rust course)},
  url         = {https://course.rs/},
  journal     = {Rust语言圣经(Rust Course)},
  publisher   = {孙飞 Sunface},
  author      = {\href{https://www.zhihu.com/people/iSunface}{Sunface} and \href{https://github.com/sunface/rust-course/graphs/contributors}{Other Contributors}},
  year        = {2021},
  month       = {Nov}
}