@misc{CXone_2024, title={LibreTexts Mathematics Library}, url={https://math.libretexts.org/}, journal={Mathematics LibreTexts}, publisher={the Department of Education Open Textbook Pilot Project, the UC Davis Office of the Provost, the UC Davis Library, the California State University Affordable Learning Solutions Program, and Merlot}, author={CXone, NICE}, year={2024}, month={Jun}}